@book{lander2014r,
  title={R for Everyone: Advanced Analytics and Graphics},
  author={Lander, J.P.},
  isbn={9780321888037},
  lccn={2013027407},
  series={Addison-Wesley data and analytics series},
  url={https://books.google.com/books?id=3eBVAgAAQBAJ},
  year={2014},
  publisher={Addison-Wesley}
}

@book{field2012discovering,
  title={Discovering Statistics Using R},
  author={Field, A. and Miles, J. and Field, Z.},
  isbn={9781446258460},
  url={https://books.google.com/books?id=wd2K2zC3swIC},
  year={2012},
  publisher={SAGE Publications}
}

@manual{Payscale,
  title={Best Universities and Colleges},
  author={Payscale},
  url={https://www.payscale.com/college-salary-report/bachelors},
  year={2021},
  publisher={Payscale}
}

@manual{LendEDU,
  title={Student Loan Debt by School by State Report},
  author={Brown, M.},
  url={https://www.payscale.com/college-salary-report/bachelors?search=nebraska},
  year={2023},
  publisher={LendEDU}
}

@manual{Devastator,
  title={The schools that create the most student debt},
  author={Devastator, T.},
  url={https://www.kaggle.com/datasets/thedevastator/the-schools-that-create-the-most-student-debt},
  year={2022},
  publisher={Kaggle}
}

@manual{EducationDataInitiative,
  title={College enrollment statistics [2023]: Total + by demographic},
  author={Hanson, M., &amp},
  url={https://educationdata.org/college-enrollment-statistics },
  year={2023},
  publisher={Education Data Initiative}
}

@manual{Mostipak,
  title={College tuition, diversity, and pay},
  author={Mostipak, J},
  url={https://www.kaggle.com/datasets/jessemostipak/college-tuition-diversity-and-pay},
  year={2020},
  publisher={Kaggle}
}

